
@inproceedings{Ellis:2012,
 author = {Ellis, Heidi J.C. and Purcell, Michelle and Hislop, Gregory W.},
 title = {An Approach for Evaluating FOSS Projects for Student Participation},
 booktitle = {Proceedings of the 43rd ACM Technical Symposium on Computer Science Education},
 series = {SIGCSE '12},
 year = {2012},
 location = {Raleigh, North Carolina, USA},
 pages = {415--420},
 numpages = {6},
 publisher = {ACM},
 address = {New York, NY, USA},
 keywords = {computing education, free and open source software, student projects},
}

@article{Ellis:2013,
 author = {Ellis, Heidi J. C. and Hislop, Gregory W. and Purcell, Michelle and Postner, Lori},
 title = {Project Selection for Student Participation in Humanitarian FOSS},
 journal = {J. Comput. Sci. Coll.},
 issue_date = {June 2013},
 volume = {28},
 number = {6},
 month = jun,
 year = {2013},
 pages = {16--18},
 numpages = {3},
 publisher = {Consortium for Computing Sciences in Colleges},
 address = {USA},
} 

@article{Ellis:2014,
 author = {Ellis, Heidi J. C. and Jackson, Stoney and Hislop, Gregory W. and Postner, Lori and Burdge, Darci},
 title = {Getting Started in Open Source a Tour of a Real Project},
 journal = {J. Comput. Sci. Coll.},
 issue_date = {June 2014},
 volume = {29},
 number = {6},
 month = jun,
 year = {2014},
 issn = {1937-4771},
 pages = {12--14},
 numpages = {3},
 publisher = {Consortium for Computing Sciences in Colleges},
 address = {USA},
} 


@inproceedings{Ellis:2014a,
 author = {Ellis, Heidi J.C. and Jackson, Stoney and Burdge, Darci and Postner, Lori and Hislop, Gregory W. and Diggs, Joanie},
 title = {Learning Within a Professional Environment: Shared Ownership of an HFOSS Project},
 booktitle = {Proceedings of the 15th Annual Conference on Information Technology Education},
 series = {SIGITE '14},
 year = {2014},
 isbn = {978-1-4503-2686-5},
 location = {Atlanta, Georgia, USA},
 pages = {95--100},
 numpages = {6},
 publisher = {ACM},
 address = {New York, NY, USA},
 keywords = {humanitarian free and open source software, student projects},
} 

@article{Kussmaul:2012,
 author = {Kussmaul, Clif and Ellis, Heidi J. C. and Hislop, Gregory W.},
 title = {Learning Foss Collaboration Tools \& Techniques Through Guided Inquiry Activities: Workshop},
 journal = {J. Comput. Sci. Coll.},
 issue_date = {June 2012},
 volume = {27},
 number = {6},
 month = jun,
 year = {2012},
 issn = {1937-4771},
 pages = {13--15},
 numpages = {3},
 publisher = {Consortium for Computing Sciences in Colleges},
 address = {USA},
} 

@inproceedings{Ellis:2013a,
 author = {Ellis, Heidi J.C. and Jackson, Stoney and Burdge, Darci and Hislop, Gregory W. and Diggs, Joanmarie},
 title = {Developing HFOSS Projects Using Integrated Teams Across Levels and Institutions},
 booktitle = {Proceedings of the 14th Annual ACM SIGITE Conference on Information Technology Education},
 series = {SIGITE '13},
 year = {2013},
 isbn = {978-1-4503-2239-3},
 location = {Orlando, Florida, USA},
 pages = {139--140},
 numpages = {2},
 publisher = {ACM},
 address = {New York, NY, USA},
 keywords = {open source software projects, student projects, vertical teams},
} 



@inproceedings{Ellis:2013b,
 author = {Ellis, Heidi J.C. and Hislop, Gregory W. and Purcell, Michelle},
 title = {Project Selection for Student Participation in Humanitarian FOSS},
 booktitle = {Proceedings of the 14th Annual ACM SIGITE Conference on Information Technology Education},
 series = {SIGITE '13},
 year = {2013},
 isbn = {978-1-4503-2239-3},
 location = {Orlando, Florida, USA},
 pages = {155--156},
 numpages = {2},
 publisher = {ACM},
 address = {New York, NY, USA},
 keywords = {faculty development, open source software projects, student projects},
} 
